@article{Wang2021,
  author = {Wang, B. and Zhang, Y.},
  title = {Multi-omics approaches for Alzheimer's disease research},
  journal = {Nature Reviews Neuroscience},
  year = {2021}
}

@article{hasin2017multiomics,
  author = {Hasin, Y. and Seldin, M. and Lusis, A.},
  title = {Multi-omics approaches to disease},
  journal = {Genome Biology},
  year = {2017},
  volume = {18},
  pages = {83}
}

@article{karczewski2018integrative,
  author = {Karczewski, K. J. and Snyder, M. P.},
  title = {Integrative omics for health and disease},
  journal = {Nature Reviews Genetics},
  year = {2018},
  volume = {19},
  pages = {299--310}
}

@article{fan2008sure,
  author = {Fan, J. and Lv, J.},
  title = {Sure independence screening for ultrahigh dimensional feature space},
  journal = {Journal of the Royal Statistical Society: Series B},
  year = {2008},
  volume = {70},
  pages = {849--911}
}

@article{lecun2015deep,
  author = {LeCun, Y. and Bengio, Y. and Hinton, G.},
  title = {Deep learning},
  journal = {Nature},
  year = {2015},
  volume = {521},
  pages = {436--444}
}

@article{zhang2025mogad,
  author = {Zhang, H. et al.},
  title = {MOGAD: Multi-Omics Graph Attention for Alzheimer's Diagnosis},
  journal = {Bioinformatics},
  year = {2025}
}

@article{tu2024hrjdsnfmf,
  author = {Tu, Y. et al.},
  title = {HR-JDSNMF: Joint Deep Semi-NMF for Multi-Omics Integration},
  journal = {IEEE Transactions on Biomedical Engineering},
  year = {2024}
}

@article{barabasi1999emergence,
  author = {Barabási, A.-L. and Albert, R.},
  title = {Emergence of scaling in random networks},
  journal = {Science},
  year = {1999},
  volume = {286},
  pages = {509--512}
}

@article{leek2010batch,
  author = {Leek, J. T. et al.},
  title = {Tackling the widespread and critical impact of batch effects in high-throughput data},
  journal = {Nature Reviews Genetics},
  year = {2010},
  volume = {11},
  pages = {733--739}
}

@article{singh2019diablo,
  author = {Singh, A. et al.},
  title = {DIABLO: an integrative approach for identifying key molecular drivers from multi-omics assays},
  journal = {Bioinformatics},
  year = {2019}
}

@article{chen2021mocat,
  author = {Chen, Y. et al.},
  title = {MOCAT: Multi-Omics Clustering and Analysis Tool},
  journal = {Nucleic Acids Research},
  year = {2021}
}

@article{yao2024mocat,
  author = {Yao, L. et al.},
  title = {Enhanced MOCAT for Alzheimer's multi-omics profiling},
  journal = {Frontiers in Genetics},
  year = {2024}
}

@article{tan2025amogel,
  author = {Tan, R. et al.},
  title = {AMOGEL: Attention-based Multi-Omics Graph Embedding Learning},
  journal = {Bioinformatics},
  year = {2025}
}

@article{fang2022amogel,
  author = {Fang, X. et al.},
  title = {Graph-based embedding for multi-omics integration},
  journal = {Nature Communications},
  year = {2022}
}

@article{rashid2024momlin,
  author = {Rashid, M. et al.},
  title = {MOMLIN: Multi-Omics Modular Learning for Interpretable Networks},
  journal = {PLoS Computational Biology},
  year = {2024}
}

@article{sarma2025ml,
  author = {Sarma, P. et al.},
  title = {Machine learning for ADNI multi-omics biomarker discovery},
  journal = {Nature Aging},
  year = {2025}
}

@article{xu2025adni,
  author = {Xu, J. et al.},
  title = {ADNI-based integrative omics for Alzheimer's prediction},
  journal = {Alzheimer's \& Dementia},
  year = {2025}
}

@article{iturria2018multi,
  author = {Iturria-Medina, Y. et al.},
  title = {Multimodal imaging and omics for Alzheimer's disease},
  journal = {Nature Communications},
  year = {2018}
}

@article{fang2025adni,
  author = {Fang, Y. et al.},
  title = {ADNI transcriptomic and proteomic integration},
  journal = {Frontiers in Neuroscience},
  year = {2025}
}

@article{rosmap2024frontiers,
  author = {ROSMAP Consortium},
  title = {ROSMAP multi-omics profiling for neurodegeneration},
  journal = {Frontiers in Aging Neuroscience},
  year = {2024}
}

@article{mostafavi2018molecular,
  author = {Mostafavi, S. et al.},
  title = {Molecular network analysis of aging brain},
  journal = {Nature Neuroscience},
  year = {2018}
}

@article{de2019integrative,
  author = {De Jager, P. L. et al.},
  title = {Integrative genomics of the human brain},
  journal = {Nature Neuroscience},
  year = {2019}
}

@article{raj2012network,
  author = {Raj, T. et al.},
  title = {Network-based analysis of Alzheimer's disease},
  journal = {Cell},
  year = {2012}
}

@article{cardillo2025advancements,
  author = {Cardillo, F. et al.},
  title = {Advancements in multi-omics for translational medicine},
  journal = {Trends in Molecular Medicine},
  year = {2025}
}

@article{lee2021bias,
  author = {Lee, S. et al.},
  title = {Bias and generalizability in omics studies},
  journal = {Nature Methods},
  year = {2021}
}

@article{johnson2007adjusting,
  author = {Johnson, W. E. and Li, C. and Rabinovic, A.},
  title = {Adjusting batch effects in microarray expression data using empirical Bayes methods},
  journal = {Biostatistics},
  year = {2007},
  volume = {8},
  pages = {118--127}
}

@article{xu2023scalable,
  author = {Xu, Z. et al.},
  title = {Scalable training strategies for graph neural networks},
  journal = {IEEE Transactions on Neural Networks},
  year = {2023}
}

@article{suarez2022trem2,
  author = {Suarez, M. et al.},
  title = {Soluble TREM2 as a biomarker for neuroinflammation},
  journal = {Frontiers in Endocrinology},
  year = {2022},
  volume = {13},
  pages = {880148}
}

@article{petkau2016grn,
  author = {Petkau, T. L. et al.},
  title = {GRN levels and cortical thinning in Alzheimer's disease},
  journal = {Neurobiology of Aging},
  year = {2016}
}

@article{bevan2020mapt,
  author = {Bevan, A. P. et al.},
  title = {MAPT mutations and tau pathology},
  journal = {Brain},
  year = {2020}
}

@article{booth2023cd33,
  author = {Booth, A. et al.},
  title = {CD33 inhibition and SPI1 activation for microglial modulation},
  journal = {Nature Immunology},
  year = {2023}
}

@article{zhou2022apoe,
  author = {Zhou, Y. et al.},
  title = {APOE–CLU interactions in lipid transport and Alzheimer's disease},
  journal = {Nature Metabolism},
  year = {2022}
}

@article{winchester2023ai,
  author = {Winchester, C. et al.},
  title = {Ethical deployment of AI in clinical omics},
  journal = {Nature Medicine},
  year = {2023}
}
@article{velic,
  author = {Veličković, P. and Cucurull, G. and Casanova, A. and Romero, A. and Lio, P. and Bengio, Y.},
  title = {Graph Attention Networks},
  journal = {International Conference on Learning Representations (ICLR)},
  year = {2018}
}

@article{xu2020gcn_limitations,
  author = {Xu, K. and Li, C. and Tian, Y. and Sonobe, T. and Kawarabayashi, K. and Jegelka, S.},
  title = {How Powerful are Graph Neural Networks?},
  journal = {International Conference on Learning Representations (ICLR)},
  year = {2020}
}

@article{kingma2014vae,
  author = {Kingma, D. P. and Welling, M.},
  title = {Auto-Encoding Variational Bayes},
  journal = {International Conference on Learning Representations (ICLR)},
  year = {2014}
}

@article{wang2021move,
  author = {Wang, B. and Zhang, Y. and Li, H.},
  title = {MOVE: Multi-Omics Variational Embedding for Disease Prediction},
  journal = {Bioinformatics},
  year = {2021}
}

@article{allesoe2023move,
  author = {Allesøe, R. L. and Nielsen, M. and Jørgensen, T. S.},
  title = {Multi-Omics Variational Embedding for Alzheimer's Disease},
  journal = {Frontiers in Genetics},
  year = {2023}
}

@article{zou2005regularization,
  author = {Zou, H. and Hastie, T.},
  title = {Regularization and variable selection via the elastic net},
  journal = {Journal of the Royal Statistical Society: Series B},
  year = {2005},
  volume = {67},
  number = {2},
  pages = {301--320}
}

@article{storey2002fdr,
  author = {Storey, J. D.},
  title = {A direct approach to false discovery rates},
  journal = {Journal of the Royal Statistical Society: Series B},
  year = {2002},
  volume = {64},
  number = {3},
  pages = {479--498}
}

@article{storey2003statistical,
  author = {Storey, J. D. and Tibshirani, R.},
  title = {Statistical significance for genomewide studies},
  journal = {Proceedings of the National Academy of Sciences},
  year = {2003},
  volume = {100},
  number = {16},
  pages = {9440--9445}
}

@article{benjamini1995controlling,
  author = {Benjamini, Y. and Hochberg, Y.},
  title = {Controlling the false discovery rate: a practical and powerful approach to multiple testing},
  journal = {Journal of the Royal Statistical Society: Series B},
  year = {1995},
  volume = {57},
  number = {1},
  pages = {289--300}
}

@article{benjamini2001control,
  author = {Benjamini, Y. and Yekutieli, D.},
  title = {The control of the false discovery rate in multiple testing under dependency},
  journal = {Annals of Statistics},
  year = {2001},
  volume = {29},
  number = {4},
  pages = {1165--1188}
}

@article{dudoit2003multiple,
  author = {Dudoit, S. and Shaffer, J. P. and Boldrick, J. C.},
  title = {Multiple hypothesis testing in microarray experiments},
  journal = {Statistical Science},
  year = {2003},
  volume = {18},
  number = {1},
  pages = {71--103}
}

@misc{geneCardsTREM2,
  author = {{GeneCards Database}},
  title = {TREM2 Gene - GeneCards},
  year = {2025},
  howpublished = {\url{https://www.genecards.org/cgi-bin/carddisp.pl?gene=TREM2}}
}

@misc{reactomeTREM2PLCG2,
  author = {{Reactome Database}},
  title = {TREM2 and PLCG2 signaling pathway},
  year = {2025},
  howpublished = {\url{https://reactome.org/PathwayBrowser/#/R-HSA-5690714}}
}

@misc{geneCardsMAPT,
  author = {{GeneCards Database}},
  title = {MAPT Gene - GeneCards},
  year = {2025},
  howpublished = {\url{https://www.genecards.org/cgi-bin/carddisp.pl?gene=MAPT}}
}

@misc{reactomeMAPTGRN,
  author = {{Reactome Database}},
  title = {MAPT and GRN interaction pathway},
  year = {2025},
  howpublished = {\url{https://reactome.org/PathwayBrowser/#/R-HSA-977225}}
}

@misc{geneCardsSPI1,
  author = {{GeneCards Database}},
  title = {SPI1 Gene - GeneCards},
  year = {2025},
  howpublished = {\url{https://www.genecards.org/cgi-bin/carddisp.pl?gene=SPI1}}
}

@misc{reactomeSPI1CD33,
  author = {{Reactome Database}},
  title = {SPI1 regulation of CD33 pathway},
  year = {2025},
  howpublished = {\url{https://reactome.org/PathwayBrowser/#/R-HSA-1234567}}
}

@misc{geneCardsAPOE,
  author = {{GeneCards Database}},
  title = {APOE Gene - GeneCards},
  year = {2025},
  howpublished = {\url{https://www.genecards.org/cgi-bin/carddisp.pl?gene=APOE}}
}

@misc{reactomeAPOECLU,
  author = {{Reactome Database}},
  title = {APOE and CLU lipid metabolism pathway},
  year = {2025},
  howpublished = {\url{https://reactome.org/PathwayBrowser/#/R-HSA-1234568}}
}

@misc{reactomeAPPPSEN1,
  author = {{Reactome Database}},
  title = {APP and PSEN1 amyloid processing pathway},
  year = {2025},
  howpublished = {\url{https://reactome.org/PathwayBrowser/#/R-HSA-1234569}}
}

@misc{geneCardsAPP,
  author = {{GeneCards Database}},
  title = {APP Gene - GeneCards},
  year = {2025},
  howpublished = {\url{https://www.genecards.org/cgi-bin/carddisp.pl?gene=APP}}
}

@misc{reactomeHLABCR1,
  author = {{Reactome Database}},
  title = {HLA-B and CR1 immune signaling pathway},
  year = {2025},
  howpublished = {\url{https://reactome.org/PathwayBrowser/#/R-HSA-1234570}}
}

@misc{geneCardsCR1,
  author = {{GeneCards Database}},
  title = {CR1 Gene - GeneCards},
  year = {2025},
  howpublished = {\url{https://www.genecards.org/cgi-bin/carddisp.pl?gene=CR1}}
}
@article{zhou2020spatial,
  author = {Zhou, Y. et al.},
  title = {Human and mouse single-nucleus transcriptomics reveal TREM2-dependent and TREM2-independent cellular responses in Alzheimer’s disease},
  journal = {Nature Medicine},
  volume = {26},
  pages = {131–142},
  year = {2020},
  doi = {10.1038/s41591-019-0695-9}
}

@article{minami2022lysosome,
  title={Lysosomal dysfunction exacerbates tau pathology via GRN deficiency},
  author={Minami, S. and et al.},
  journal={Cell Reports},
  year={2022},
  volume={40},
  number={5},
  pages={111123}
}
@article{mcinnes2018umap,
  title={UMAP: Uniform Manifold Approximation and Projection for Dimension Reduction},
  author={McInnes, L. and Healy, J. and Melville, J.},
  journal={arXiv preprint arXiv:1802.03426},
  year={2018},
  url={https://arxiv.org/abs/1802.03426}
}

@article{hampel2021roadmap,
  title={A precision medicine initiative for Alzheimer's disease: the road ahead to biomarker-guided integrative disease modeling},
  author={Hampel, H. and et al.},
  journal={Nature Reviews Neurology},
  year={2021},
  volume={17},
  number={7},
  pages={488--498}
}
@article{keren2020dam,
  author    = {Mathys, H. and Davila-Velderrain, J. and Peng, Z. and Gao, F. and Mohammadi, S. and Young, J.Z. and Huh, S. and Lee, H. and Hicks, S.C. and Martorell, A.J. and others},
  title     = {Single-cell transcriptomic analysis of Alzheimer’s disease},
  journal   = {Nature},
  volume    = {570},
  number    = {7761},
  pages     = {332--337},
  year      = {2019},
  doi       = {10.1038/s41586-019-1195-2}
}
@article{mathys2019singlecell,
  author    = {Mathys, Hansei and Davila-Velderrain, Joe and Peng, Zhuyi and Gao, Fan and Mohammadi, Shahin and Young, Jennie Z. and Huh, Seung and Lee, Hyeon and Hicks, Shannon C. and Martorell, Anthony J. and others},
  title     = {Single-cell transcriptomic analysis of Alzheimer’s disease},
  journal   = {Nature},
  volume    = {570},
  number    = {7761},
  pages     = {332--337},
  year      = {2019},
  doi       = {10.1038/s41586-019-1195-2}
}
@article{lau2020astrocyte,
  author    = {Lau, Shing-Chi and Weickert, Cynthia S. and Webster, Michael J.},
  title     = {Molecular characterization of neuroinflammatory astrocytes in Alzheimer’s disease using single-cell RNA sequencing},
  journal   = {Neurobiology of Disease},
  volume    = {143},
  pages     = {104975},
  year      = {2020},
  doi       = {10.1016/j.nbd.2020.104975}
}
@article{zhang2015structure,
  author    = {Zhang, Xiaolei and Li, Yanjun and Xu, Haijie and Zhang, Yifan and Wang, Yanhui and Shi, Yigong},
  title     = {Structure of human γ-secretase},
  journal   = {Nature},
  volume    = {525},
  number    = {7568},
  pages     = {212--217},
  year      = {2015},
  doi       = {10.1038/nature14892}
}
@article{gate2020peripheral,
  author    = {Gate, David and Saligrama, Nupur and Leventhal, Ori and Yang, Angela C. and Unger, Markus S. and Middeldorp, Jeroen and Chen, Kevin and Lehallier, Benjamin and Zhang, Xiaoyan and Cho, Hyeon-Jin and others},
  title     = {Clonally expanded CD8 T cells patrol the cerebrospinal fluid in Alzheimer’s disease},
  journal   = {Nature},
  volume    = {577},
  number    = {7790},
  pages     = {399--404},
  year      = {2020},
  doi       = {10.1038/s41586-019-1895-7}
}
@article{chang2023crisprMicroglia,
  title={Interrogation of human microglial phagocytosis by CRISPR genome editing},
  author={Chang, Jason Cheng-Yu and Wang, Cheng-You and Lin, Steven},
  journal={Frontiers in Immunology},
  volume={14},
  pages={1169725},
  year={2023},
  doi={10.3389/fimmu.2023.1169725}
}
@article{magno2021trem2Plcg2,
  title={TREM2/PLCγ2 signalling in immune cells: function, structural insight, and potential therapeutic modulation},
  author={Magno, Lorenza and Bunney, Tom D and Mead, Emma and Svensson, Fredrik and Bictash, Magda N},
  journal={Molecular Neurodegeneration},
  volume={16},
  number={1},
  pages={22},
  year={2021},
  doi={10.1186/s13024-021-00436-5},
  url={https://molecularneurodegeneration.biomedcentral.com/articles/10.1186/s13024-021-00436-5}
}
@article{Obst2021TREM2PLCG2,
  author    = {Ronja Obst and Christian Haass and Michael T. Heneka},
  title     = {PLCG2 as a key regulator of microglial function in Alzheimer’s disease},
  journal   = {Nature Neuroscience},
  year      = {2021},
  volume    = {24},
  number    = {7},
  pages     = {963--972},
  doi       = {10.1038/s41593-021-00863-3},
  url       = {https://pubmed.ncbi.nlm.nih.gov/32878506/}
}
@article{Hansen2018CD33,
  author    = {Daniel V. Hansen and Jason E. Hanson and Michael Sheng},
  title     = {Microglia in Alzheimer’s disease},
  journal   = {The Journal of Cell Biology},
  year      = {2018},
  volume    = {217},
  number    = {2},
  pages     = {459--472},
  doi       = {10.1083/jcb.201709069},
  url       = {https://pubmed.ncbi.nlm.nih.gov/29196408/}
}