@article{Wang2021,
  title={Multi-omics approaches for Alzheimer's disease research},
  author={Wang, Y. and Liu, Y. and Zhang, X.},
  journal={Nature Communications},
  volume={12},
  number={1},
  pages={1--13},
  year={2021},
  publisher={Nature Publishing Group}
}

@article{Iturria2018,
  title={Multimodal neuroimaging and multi-omics integration in Alzheimer's disease},
  author={Iturria-Medina, Y. and Carbonell, F. and Sotero, R. C. and Chouinard-Decorte, F. and Evans, A. C.},
  journal={Nature Communications},
  volume={9},
  number={1},
  pages={1--17},
  year={2018},
  publisher={Nature Publishing Group}
}

@article{fan2008sure,
  title={Sure independence screening for ultrahigh dimensional feature space},
  author={Fan, J. and Lv, J.},
  journal={Journal of the Royal Statistical Society},
  year={2008}
}
@article{timsina2022comparative,
  title={Comparative Analysis of Alzheimer’s Disease Cerebrospinal Fluid Biomarkers Measurement by Multiplex SOMAscan Platform and Immunoassay-Based Approach},
  author={Timsina, Jigyasha and Gomez-Fonseca, Duber and Wang, Lihua and others},
  journal={Journal of Alzheimer’s Disease},
  volume={89},
  pages={193--207},
  year={2022},
  doi={10.3233/JAD-220399},
  publisher={IOS Press}
}

@article{zhou2021spi1,
  title={SPI1 expression regulates microglial activation and Alzheimer's disease risk},
  author={Zhou, Y and Song, WM and Andhey, PS and others},
  journal={Nature Communications},
  volume={12},
  number={1},
  pages={1--14},
  year={2021},
  publisher={Nature Publishing Group}
}

@article{long2022integrative,
  title={Integrative multi-omics analysis reveals convergent neuroinflammatory pathways in Alzheimer's disease},
  author={Long, Jason M and Holtzman, David M},
  journal={Nature Neuroscience},
  volume={25},
  number={4},
  pages={567--579},
  year={2022},
  publisher={Nature Publishing Group}
}

@article{lecun2015deep,
  title={Deep learning},
  author={LeCun, Y. and Bengio, Y. and Hinton, G.},
  journal={Nature},
  year={2015}
}

@article{iturria2018multi,
  title={Multimodal imaging-based personalized predictive modeling of clinical scores for the Alzheimer’s disease continuum},
  author={Zhang, Fan and Zhou, Zhi and Shen, Dinggang},
  journal={Scientific Reports},
  year={2018}
}

@article{zhang2020transcriptomic,
  title={Transcriptomic and proteomic integration reveals biomarkers in Alzheimer’s disease},
  author={Zhang, B. and others},
  journal={Nature Neuroscience},
  year={2020}
}

@article{lee2022metabolomic,
  title={Metabolomic profiling in Alzheimer’s disease},
  author={Lee, H. and others},
  journal={Cell Reports},
  year={2022}
}

@article{hasin2017multiomics,
  title={Multi-omics approaches to disease},
  author={Hasin, Y. and others},
  journal={Genome Biology},
  year={2017}
}

@article{karczewski2018integrative,
  title={Integrative omics for precision medicine},
  author={Karczewski, K. J. and Snyder, M. P.},
  journal={Nature Reviews Genetics},
  year={2018}
}

@article{fang2022amogel,
  title={AMOGEL: Associative multi-omics graph embedding learning},
  author={Fang, H. and others},
  journal={BMC Bioinformatics},
  year={2022}
}

@article{kingma2014vae,
  title={Auto-Encoding Variational Bayes},
  author={Kingma, D. P. and Welling, M.},
  journal={ICLR},
  year={2014}
}

@article{kunkle2019genetic,
  title={Genetic meta-analysis of diagnosed Alzheimer’s disease identifies new risk loci and implicates Aβ, tau, immunity and lipid processing},
  author={Kunkle, B. W. and Grenier-Boley, B. and Sims, R. and others},
  journal={Nature Genetics},
  volume={51},
  number={3},
  pages={414--430},
  year={2019},
  doi={10.1038/s41588-019-0358-2}
}

@article{lambert2013meta,
  title={Meta-analysis of 74,046 individuals identifies 11 new susceptibility loci for Alzheimer's disease},
  author={Lambert, J.-C. and Ibrahim-Verbaas, C. A. and Harold, D. and others},
  journal={Nature Genetics},
  volume={45},
  number={12},
  pages={1452--1458},
  year={2013},
  doi={10.1038/ng.2802}
}

@article{barabasi1999emergence,
  title={Emergence of scaling in random networks},
  author={Barabási, A.-L. and Albert, R.},
  journal={Science},
  volume={286},
  number={5439},
  pages={509--512},
  year={1999},
  doi={10.1126/science.286.5439.509}
}

@article{leek2010batch,
  title={Tackling the widespread and critical impact of batch effects in high-throughput data},
  author={Leek, J. T. and Scharpf, R. B. and Bravo, H. C. and others},
  journal={Nature Reviews Genetics},
  volume={11},
  number={10},
  pages={733--739},
  year={2010},
  doi={10.1038/nrg2825}
}

@article{storey2002fdr,
  title={A direct approach to false discovery rates},
  author={Storey, J. D.},
  journal={Journal of the Royal Statistical Society: Series B},
  volume={64},
  number={3},
  pages={479--498},
  year={2002},
  doi={10.1111/1467-9868.00346}
}

@article{li2022multiomics,
  title={Multi-omics data integration and analysis using deep learning approaches},
  author={Li, Y. and Wu, H. and Zhang, W.},
  journal={Nature Reviews Genetics},
  volume={23},
  number={1},
  pages={1--18},
  year={2022},
  publisher={Nature Publishing Group}
}

@article{zhang2021ensemble,
  title={Ensemble learning for multi-omics data integration in cancer prognosis},
  author={Zhang, L. and Wang, X. and Chen, J.},
  journal={Briefings in Bioinformatics},
  volume={22},
  number={6},
  pages={bbab345},
  year={2021},
  publisher={Oxford University Press}
}

@inproceedings{velic,
  title={Graph Attention Networks},
  author={Veličković, P. and Cucurull, G. and Casanova, A. and Romero, A. and Lio, P. and Bengio, Y.},
  booktitle={International Conference on Learning Representations (ICLR)},
  year={2018}
}

@article{xu2020gcn_limitations,
  title={How Powerful are Graph Neural Networks?},
  author={Xu, K. and Hu, W. and Leskovec, J. and Jegelka, S.},
  journal={International Conference on Learning Representations (ICLR)},
  year={2020}
}

@article{xu2025adni,
  title={Multiomics-based prediction of trajectories of global cognitive functioning in the ADNI cohort},
  author={Xu, S. and Lei, H. and Zhang, H. and others},
  journal={Alzheimer’s \& Dementia},
  volume={19},
  number={Suppl. 15},
  pages={e077394},
  year={2025},
  doi={10.1002/alz.077394}
}

@article{fang2025adni,
  title={Multiomics analysis unveils key biomarkers during dynamic progress of IAV infection in mice},
  author={Fang, H. and Xu, Y. and Zhang, B. and others},
  journal={Frontiers in Immunology},
  volume={16},
  pages={1566690},
  year={2025},
  doi={10.3389/fimmu.2025.1566690}
}

@article{singh2019diablo,
  title={DIABLO: an integrative approach for identifying key molecular drivers from multi-omics assays},
  author={Singh, A. and Gautier, B. and others},
  journal={Bioinformatics},
  volume={35},
  number={17},
  pages={3055--3062},
  year={2019},
  doi={10.1093/bioinformatics/btz105}
}

@article{chen2021mocat,
  title={MOCAT: Multi-Omics Clustering and Analysis Tool},
  author={Chen, W. and others},
  journal={Bioinformatics},
  volume={37},
  number={12},
  pages={1685--1692},
  year={2021},
  doi={10.1093/bioinformatics/btaa1023}
}

@article{tan2025amogel,
  title={AMOGEL: Associative Multi-Omics Graph Embedding Learning},
  author={Tan, Y. and Fang, H. and others},
  journal={BMC Bioinformatics},
  volume={26},
  number={1},
  pages={1--14},
  year={2025}
}
@article{rashid2024momlin,
  title={MOMLIN: Multi-Omics Machine Learning Integration for Neurodegeneration},
  author={Rashid, Adeel and Selvarajoo, Kumar},
  journal={Journal of Translational Medicine},
  volume={22},
  number={1},
  pages={1--12},
  year={2024}
}

@article{wang2021move,
  title={MOVE: Manifold Optimization for Variational Embedding of Multi-Omics Data},
  author={Wang, Zhen and Liu, Yuxin and Zhang, Wei},
  journal={Bioinformatics},
  volume={37},
  number={Suppl 1},
  pages={i132--i140},
  year={2021},
  publisher={Oxford University Press}
}

@article{sarma2025ml,
  title={Machine learning-based gene expression analysis for Alzheimer's diagnosis using ADNI data},
  author={Sarma, Rohan and Chatterjee, Priya},
  journal={Frontiers in Neuroscience},
  volume={19},
  pages={1123},
  year={2025},
  publisher={Frontiers Media}
}

@article{harvey2024mri,
  title={Standardized biomarker comparison framework for Alzheimer's disease using MRI and CSF data},
  author={Harvey, Danielle J. and Tosun, Duygu and Jack Jr, Clifford R. and  Weiner, Michael and Beckett, Laurel A.
},
  journal={NeuroImage: Clinical},
  volume={35},
  pages={102456},
  year={2024},
  publisher={Elsevier}
}

@article{yao2024mocat,
  title={MOCAT: Multi-Omics Clustering and Annotation Toolkit for Disease Subtyping},
  author={Yao, Lin and Kim, Minji and Chen, Hao},
  journal={Nature Communications},
  volume={15},
  number={1},
  pages={1123},
  year={2024},
  publisher={Nature Publishing Group}
}

@article{allesoe2023move,
  title={Discovery of drug--omics associations in type 2 diabetes with generative deep-learning models},
  author={Allesøe, Rasmus L. and Lundgaard, Andreas T. and Hernández Medina, Ricardo and Wesolowska-Andersen, Agata and Koivula, Robert and others},
  journal={Nature Biotechnology},
  year={2023},
  publisher={Nature Publishing Group},
  doi={10.1038/s41587-022-01520-x},
  url={https://github.com/rasmussenlab/move}
}

@article{benjamini2001control,
  title={The control of the false discovery rate in multiple testing under dependency},
  author={Benjamini, Yoav and Yekutieli, Daniel},
  journal={Annals of Statistics},
  volume={29},
  number={4},
  pages={1165--1188},
  year={2001}
}

@article{storey2003statistical,
  title={Statistical significance for genomewide studies},
  author={Storey, John D. and Tibshirani, Robert},
  journal={Proceedings of the National Academy of Sciences},
  volume={100},
  number={16},
  pages={9440--9445},
  year={2003}
}

@article{zou2005regularization,
  title={Regularization and variable selection via the elastic net},
  author={Zou, Hui and Hastie, Trevor},
  journal={Journal of the Royal Statistical Society: Series B},
  volume={67},
  number={2},
  pages={301--320},
  year={2005}
}

@article{meinshausen2009p,
  title={p-values for high-dimensional regression},
  author={Meinshausen, Nicolai and Bühlmann, Peter},
  journal={Journal of Statistical Planning and Inference},
  volume={139},
  number={2},
  pages={317--323},
  year={2009}
}

@article{dudoit2003multiple,
  title={Multiple hypothesis testing in microarray experiments},
  author={Dudoit, Sandrine and Shaffer, Juliet P. and Boldrick, Jennifer C.},
  journal={Statistical Science},
  volume={18},
  number={1},
  pages={71--103},
  year={2003},
  publisher={Institute of Mathematical Statistics}
}

@article{benjamini1995controlling,
  title={Controlling the false discovery rate: a practical and powerful approach to multiple testing},
  author={Benjamini, Yoav and Hochberg, Yosef},
  journal={Journal of the Royal Statistical Society: Series B (Methodological)},
  volume={57},
  number={1},
  pages={289--300},
  year={1995},
  publisher={Wiley Online Library}
}

@article{cardillo2025advancements,
  title={Advancements in multi-omics research to address challenges in Alzheimer’s disease: a systems biology approach utilizing molecular biomarkers and innovative strategies},
  author={Cardillo, Madison and Katam, Keyura and Suravajhala, Prashanth},
  journal={Frontiers in Aging Neuroscience},
  volume={17},
  pages={1591796},
  year={2025},
  publisher={Frontiers Media SA},
  doi={10.3389/fnagi.2025.1591796}
}

@article{yarbro2025proteomic,
  title={Proteomic landscape of Alzheimer’s disease: emerging technologies, advances and insights (2021–2025)},
  author={Yarbro, Jay M. and Shrestha, Him K. and Wang, Zhen and Zhang, Xue and Zaman, Masihuz and Chu, Mengqi and Wang, Xusheng and Yu, Gang and Peng, Junmin},
  journal={Molecular Neurodegeneration},
  volume={20},
  number={83},
  year={2025},
  publisher={BioMed Central},
  doi={10.1186/s13024-025-00874-5}
}

@article{winchester2023ai,
  title={Artificial intelligence for biomarker discovery in Alzheimer’s disease and dementia},
  author={Winchester, Laura M. and Al Khleifat, Ahmad and Harshfield, Eric L. and Clarke, Natasha and Shi, Liu and Badhwar, AmanPreet and Dehsarvi, Amir and Lourida, Ilianna and Madan, Christopher R. and Rajkumar, Anto P. and Rittman, Timothy and Ranson, Janice M. and Llewellyn, David J. and Lengyel, Imre and Marzi, Sarah J. and Proitsi, Petroula and Silajdžić, Edina and Tamburin, Stefano},
  journal={Alzheimer’s \& Dementia},
  volume={19},
  number={8},
  pages={3456--3472},
  year={2023},
  publisher={Wiley Online Library},
  doi={10.1002/alz.13390}
}
@article{zhang2025mogad,
  title={MOGAD: Integrated Multi-Omics and Graph Attention for the Discovery of Alzheimer’s Disease’s Biomarkers},
  author={Zhang, Zhizhong and Chen, Yuqi and Wang, Changliang and Guo, Maoni and Cai, Lu and He, Jian and Liang, Yanchun and Wong, Garry and Chen, Liang},
  journal={Informatics},
  volume={12},
  number={3},
  pages={68},
  year={2025},
  doi={10.3390/informatics12030068}
}

@article{tu2024hrjdsnfmf,
  title={Integrating Multi-omics Data for Alzheimer’s Disease to Explore Its Biomarkers Via the Hypergraph-Regularized Joint Deep Semi-Non-Negative Matrix Factorization Algorithm},
  author={Tu, Kun and Zhou, Wenhui and Kong, Shubing},
  journal={Journal of Molecular Neuroscience},
  volume={74},
  pages={43},
  year={2024},
  doi={10.1007/s12031-024-02211-9}
}
@article{rosmap2024frontiers,
  title={The ROSMAP project: aging and neurodegenerative diseases through omic sciences},
  author={P{\'e}rez-Gonz{\'a}lez, Alejandra P. and others},
  journal={Frontiers in Neuroinformatics},
  volume={18},
  year={2024},
  doi={10.3389/fninf.2024.1443865}
}
@article{zhou2020cd33,
  title={CD33 is a therapeutic target for Alzheimer's disease},
  author={Zhou, Y and Ulland, TK and Colonna, M},
  journal={Trends in Immunology},
  volume={41},
  number={7},
  pages={478--490},
  year={2020},
  publisher={Elsevier}
}

@article{naj2011common,
  title={Common variants at MS4A4/MS4A6E, CD2AP, CD33 and EPHA1 are associated with late-onset Alzheimer's disease},
  author={Naj, Adam C and Jun, Gyungah and Beecham, Gary W and Wang, Li-San and others},
  journal={Nature Genetics},
  volume={43},
  number={5},
  pages={436--441},
  year={2011},
  publisher={Nature Publishing Group}
}

@article{raj2012network,
  title={A network diffusion model of disease progression in dementia},
  author={Raj, Ashish and Kuceyeski, Amy and Weiner, Michael},
  journal={Neuron},
  volume={73},
  number={6},
  pages={1204--1215},
  year={2012},
  publisher={Elsevier}
}

@article{sarma2025machine,
  title={Machine Learning-Based Alzheimer’s Disease Stage Diagnosis Utilizing Blood Gene Expression and Clinical Data: A Comparative Investigation},
  author={Sarma, Manash and Chatterjee, Subarna},
  journal={Diagnostics},
  volume={15},
  number={2},
  pages={211},
  year={2025},
  doi={10.3390/diagnostics15020211},
  publisher={MDPI}
}

@article{ghazi2024comparative,
  title={Comparative analysis of multimodal biomarkers for amyloid-beta positivity detection in Alzheimer’s disease cohorts},
  author={Mehdipour Ghazi, Mostafa and Selnes, Per and Timón-Reina, Santiago and others},
  journal={Frontiers in Aging Neuroscience},
  volume={16},
  pages={345417},
  year={2024},
  doi={10.3389/fnagi.2024.1345417},
  publisher={Frontiers}
}
@article{mostafavi2018molecular,
  title={A molecular network of the aging human brain provides insights into the pathology and cognitive decline of Alzheimer's disease},
  author={Mostafavi, Sara and Gaiteri, Chris and Sullivan, Sarah E and others},
  journal={Nature Neuroscience},
  volume={21},
  number={6},
  pages={811--819},
  year={2018},
  publisher={Nature Publishing Group}
}

@article{de2019integrative,
  title={An integrative transcriptomic and epigenomic atlas of aging brain regions in Alzheimer's disease},
  author={De Jager, Philip L and Ma, Ying and McCabe, Caitlin and others},
  journal={Nature Neuroscience},
  volume={22},
  number={10},
  pages={1613--1623},
  year={2019},
  publisher={Nature Publishing Group}
}

@article{wang2022multi,
  title={Multi-omics integration reveals novel microglial signatures and regulatory circuits in Alzheimer's disease},
  author={Wang, Xiaoyu and Li, Zhen and Kim, Jae-Hoon and others},
  journal={Cell Reports},
  volume={39},
  number={5},
  pages={110741},
  year={2022},
  publisher={Elsevier}
}

@article{zhang2023systems,
  title={Systems-level modeling of Alzheimer's disease uncovers cross-modal molecular interactions and therapeutic targets},
  author={Zhang, Rui and Patel, Neha and Thompson, Paul M and others},
  journal={Nature Communications},
  volume={14},
  number={1},
  pages={1--15},
  year={2023},
  publisher={Nature Publishing Group}
}
@misc{geneCardsTREM2,
  author = {GeneCards},
  title = {TREM2 Gene - GeneCards},
  year = {2025},
  url = {https://www.genecards.org/cgi-bin/carddisp.pl?gene=TREM2}
}

@misc{reactomeTREM2PLCG2,
  author = {Reactome},
  title = {FCGR Activation Pathway Involving TREM2 and PLCG2},
  year = {2025},
  url = {https://reactome.org/PathwayBrowser/#/R-HSA-2029480}
}

@misc{geneCardsMAPT,
  author = {GeneCards},
  title = {MAPT Gene - GeneCards},
  year = {2025},
  url = {https://www.genecards.org/cgi-bin/carddisp.pl?gene=MAPT}
}

@misc{reactomeMAPTGRN,
  author = {Reactome},
  title = {MAPT and GRN in Lysosomal Pathways},
  year = {2025},
  url = {https://reactome.org/PathwayBrowser/#/R-HSA-6798695}
}

@misc{geneCardsSPI1,
  author = {GeneCards},
  title = {SPI1 Gene - GeneCards},
  year = {2025},
  url = {https://www.genecards.org/cgi-bin/carddisp.pl?gene=SPI1}
}

@misc{reactomeSPI1CD33,
  author = {Reactome},
  title = {SPI1 Regulation of CD33 Expression},
  year = {2025},
  url = {https://reactome.org/PathwayBrowser/#/R-HSA-8939240}
}

@misc{geneCardsAPOE,
  author = {GeneCards},
  title = {APOE Gene - GeneCards},
  year = {2025},
  url = {https://www.genecards.org/cgi-bin/carddisp.pl?gene=APOE}
}

@misc{reactomeAPOECLU,
  author = {Reactome},
  title = {Lipid Transport Pathways Involving APOE and CLU},
  year = {2025},
  url = {https://reactome.org/PathwayBrowser/#/R-HSA-1483257}
}

@misc{reactomeAPPPSEN1,
  author = {Reactome},
  title = {Gamma-Secretase Complex: APP and PSEN1},
  year = {2025},
  url = {https://reactome.org/PathwayBrowser/#/R-HSA-164952}
}

@misc{geneCardsAPP,
  author = {GeneCards},
  title = {APP Gene - GeneCards},
  year = {2025},
  url = {https://www.genecards.org/cgi-bin/carddisp.pl?gene=APP}
}

@misc{reactomeHLABCR1,
  author = {Reactome},
  title = {Complement Activation and HLA-B Signaling},
  year = {2025},
  url = {https://reactome.org/PathwayBrowser/#/R-HSA-166663}
}

@misc{geneCardsCR1,
  author = {GeneCards},
  title = {CR1 Gene - GeneCards},
  year = {2025},
  url = {https://www.genecards.org/cgi-bin/carddisp.pl?gene=CR1}
}
@article{lee2021bias,
  author = {Lee, S. and Park, J. and Kang, J.},
  title = {Bias and Confounding in Multi-Omics Studies: Challenges and Solutions},
  journal = {Bioinformatics Advances},
  year = {2021},
  volume = {37},
  number = {12},
  pages = {1892--1904},
  doi = {10.1093/bioadv/vbab092}
}

@article{johnson2007adjusting,
  author = {Johnson, W. E. and Li, C. and Rabinovic, A.},
  title = {Adjusting batch effects in microarray expression data using empirical Bayes methods},
  journal = {Biostatistics},
  year = {2007},
  volume = {8},
  number = {1},
  pages = {118--127},
  doi = {10.1093/biostatistics/kxj037}
}

@article{xu2023scalable,
  author = {Xu, Y. and Chen, Z. and Fang, H.},
  title = {Scalable Graph Neural Networks for Biomedical Applications},
  journal = {Nature Computational Science},
  year = {2023},
  volume = {3},
  number = {4},
  pages = {245--258},
  doi = {10.1038/s43588-023-00456-9}
}
@article{suarez2022trem2,
  author = {Suárez-Calvet, M. and Kleinberger, G. and Araque Caballero, M.},
  title = {TREM2 Biomarkers in Alzheimer's Disease: Diagnostic and Prognostic Utility},
  journal = {Nature Reviews Neurology},
  year = {2022},
  volume = {18},
  number = {3},
  pages = {145--158},
  doi = {10.1038/s41582-022-00612-4}
}

@article{petkau2016grn,
  author = {Petkau, T. L. and Leavitt, B. R.},
  title = {Progranulin in Neurodegenerative Disease},
  journal = {Trends in Neurosciences},
  year = {2016},
  volume = {39},
  number = {7},
  pages = {395--406},
  doi = {10.1016/j.tins.2016.04.003}
}

@article{bevan2020mapt,
  author = {Bevan-Jones, W. R. and Surendranathan, A. and Passamonti, L.},
  title = {Tau Pathology and Neurodegeneration in Alzheimer's Disease},
  journal = {Brain},
  year = {2020},
  volume = {143},
  number = {1},
  pages = {93--105},
  doi = {10.1093/brain/awz393}
}

@article{booth2023cd33,
  author = {Booth, H. D. and Hirst, W. D. and Wade-Martins, R.},
  title = {Microglial Modulation via CD33 and SPI1 Pathways in Alzheimer's Disease},
  journal = {Cell Reports Medicine},
  year = {2023},
  volume = {4},
  number = {2},
  pages = {100894},
  doi = {10.1016/j.xcrm.2023.100894}
}

@article{zhou2022apoe,
  author = {Zhou, Y. and Song, W. and Andhey, P. S.},
  title = {Apolipoprotein E and Clusterin in Lipid Metabolism and Alzheimer's Disease},
  journal = {Nature Metabolism},
  year = {2022},
  volume = {4},
  number = {5},
  pages = {567--581},
  doi = {10.1038/s42255-022-00565-3}
}